<record><leader>01019cam a2200289 a 4500</leader><controlfield tag="001">1361022</controlfield><controlfield tag="008">910306s1985    abc               0 eng c</controlfield><datafield ind1=" " ind2=" " tag="035"><subfield code="a">ocm70344172</subfield></datafield><datafield ind1=" " ind2=" " tag="040"><subfield code="b">eng</subfield></datafield><datafield ind1=" " ind2=" " tag="043"><subfield code="a">n-cn-ab</subfield></datafield><datafield ind1=" " ind2=" " tag="049"><subfield code="a">AEU</subfield><subfield code="b">eng</subfield></datafield><datafield ind1=" " ind2="3" tag="055"><subfield code="a">HF 5681 S8</subfield><subfield code="b">C782 1985</subfield></datafield><datafield ind1=" " ind2=" " tag="086"><subfield code="a">Homedex 1815-31</subfield></datafield><datafield ind1="0" ind2=" " tag="090"><subfield code="a">HF 5681 S8 C782 1985 folio</subfield></datafield><datafield ind1="0" ind2="0" tag="245"><subfield code="a">Cope...with a household inventory.</subfield></datafield><datafield ind1=" " ind2=" " tag="260"><subfield code="a">Edmonton, Alta. :</subfield><subfield code="b">Alberta Agriculture, Home Economics Branch,</subfield><subfield code="c">1985.</subfield></datafield><datafield ind1=" " ind2=" " tag="300"><subfield code="a">1 v. (unpaged) :</subfield><subfield code="b">ill. ;</subfield><subfield code="c">22 x 34 cm.</subfield></datafield><datafield ind1=" " ind2=" " tag="336"><subfield code="a">text</subfield><subfield code="b">txt</subfield><subfield code="2">rdacontent</subfield></datafield><datafield ind1=" " ind2=" " tag="337"><subfield code="a">unmediated</subfield><subfield code="b">n</subfield><subfield code="2">rdamedia</subfield></datafield><datafield ind1=" " ind2=" " tag="338"><subfield code="a">volume</subfield><subfield code="b">nc</subfield><subfield code="2">rdacarrier</subfield></datafield><datafield ind1=" " ind2=" " tag="500"><subfield code="a">Title from cover.</subfield></datafield><datafield ind1=" " ind2=" " tag="500"><subfield code="a">On cover: "A household inventory for Alberta farm families"</subfield></datafield><datafield ind1=" " ind2=" " tag="596"><subfield code="a">38</subfield></datafield><datafield ind1=" " ind2="0" tag="650"><subfield code="a">Inventories.</subfield></datafield><datafield ind1="1" ind2=" " tag="710"><subfield code="a">Alberta.</subfield><subfield code="b">Home Economics Branch.</subfield></datafield><datafield ind1="0" ind2=" " tag="740"><subfield code="a">Household inventory for Alberta farm families.</subfield></datafield><datafield ind1=" " ind2=" " tag="926"><subfield code="a">HF 5681 S8 C782 1985 folio</subfield><subfield code="w">LC</subfield><subfield code="c">1</subfield><subfield code="i">000035843325</subfield><subfield code="l">ON_SHELF</subfield><subfield code="m">UABARD</subfield><subfield code="p">$150.00</subfield><subfield code="r">Y</subfield><subfield code="s">Y</subfield><subfield code="t">BOOK</subfield><subfield code="u">3/12/1991</subfield><subfield code="o">.STAFF. C0007146</subfield></datafield></record>